% https://arxiv.org/pdf/2006.00268.pdf
@article{hu2019,
  title={Measuring and visualizing place-based space-time job accessibility},
  author={Hu, Yujie and Downs, Joni},
  journal={Journal of Transport Geography},
  volume={74},
  pages={278--288},
  year={2019},
  publisher={Elsevier}
}
% https://link.springer.com/article/10.1007/s11067-017-9378-6
@article{but2018,
  title={The TUM accessibility atlas: Visualizing spatial and socioeconomic disparities in accessibility to support regional land-use and transport planning},
  author={B{\"u}ttner, Benjamin and Kinigadner, Julia and Ji, Chenyi and Wright, Benjamin and Wulfhorst, Gebhard},
  journal={Networks and Spatial Economics},
  volume={18},
  pages={385--414},
  year={2018},
  publisher={Springer}
}
% http://204.48.17.207/index.php/josis/article/view/35/35
@article{rot2013,
  title={Interactive maps: What we know and what we need to know},
  author={Roth, Robert E},
  journal={Journal of Spatial Information Science},
  number={6},
  pages={59--115},
  year={2013}
}
% https://conservancy.umn.edu/bitstream/handle/11299/219621/JTLU_2020_vol-13_pp129-158.pdf?sequence=1
@article{lev2020,
  title={Towards a general theory of access},
  author={Levinson, David and Wu, Hao},
  journal={Journal of Transport and Land Use},
  volume={13},
  number={1},
  pages={129--158},
  year={2020},
  publisher={JSTOR}
}
% https://d1wqtxts1xzle7.cloudfront.net/36707324/A_Field_Study_from_the_Interactive_Landscape_Plan-libre.pdf?1424428891=&response-content-disposition=inline%3B+filename%3DWhat_Role_Does_Visualization_Play_in_Com.pdf&Expires=1685457465&Signature=c2jJ8rc4O0plISRG8Pb65jpdAi5OJ9oTVLi~t5XYV7PjxlSSucNIBJIYuv5o7~WBtuUpEg9jp2JUYslTn3ZvYIUrviZcHo04P3gAlq6oKtPFK8l7l4zi9WAbXaAm6--m7pVPgihL5wmembBEqZDmgsI9MKl4D8dXEZyUrDWftpVtqWld9GsM3ckpElzfk8nOiHhS9EUdCZ2hh1Nc1sVxQpfmp0zQOKmcz2SanGVkazpufZf-e7QXF2YfX8MDr-JpnwAJB2IgX8vFm-vZUkH3Km5Iy8A6Jha75LF72VKAYBvcA3wM-3-Ft~szNG2lWwQnTybOFuB8oEq3O54WCnfq4w__&Key-Pair-Id=APKAJLOHF5GGSLRBV4ZA
@article{warren2005role,
  title={What role does visualization play in communication with citizens?--A field study from the interactive landscape plan},
  author={Warren-Kretzschmar, Bartlett and Tiedtke, Simone},
  journal={Buhmann, E.: Trends in Real-Time Landscape Visualization and Participation, Wichmann Verlag},
  pages={156--167},
  year={2005}
}
