@article{hu2019,
  title={Measuring and visualizing place-based space-time job accessibility},
  author={Hu, Yujie and Downs, Joni},
  journal={Journal of Transport Geography},
  volume={74},
  pages={278--288},
  year={2019},
  publisher={Elsevier}
}
